%YAML 1.1
%TAG !u! tag:unity3d.com,2011:
--- !u!1 &5593912637153028177
GameObject:
  m_ObjectHideFlags: 0
  m_CorrespondingSourceObject: {fileID: 0}
  m_PrefabInstance: {fileID: 0}
  m_PrefabAsset: {fileID: 0}
  serializedVersion: 6
  m_Component:
  - component: {fileID: 4308645135986837341}
  - component: {fileID: 637902721760410063}
  - component: {fileID: 3129004878240993348}
  - component: {fileID: 1607006063390228039}
  - component: {fileID: 5821912667751180820}
  m_Layer: 0
  m_Name: Pincho
  m_TagString: Untagged
  m_Icon: {fileID: 0}
  m_NavMeshLayer: 0
  m_StaticEditorFlags: 0
  m_IsActive: 1
--- !u!4 &4308645135986837341
Transform:
  m_ObjectHideFlags: 0
  m_CorrespondingSourceObject: {fileID: 0}
  m_PrefabInstance: {fileID: 0}
  m_PrefabAsset: {fileID: 0}
  m_GameObject: {fileID: 5593912637153028177}
  m_LocalRotation: {x: 0, y: 0, z: 0, w: 1}
  m_LocalPosition: {x: 2.4316704, y: 4.04, z: -8.656599}
  m_LocalScale: {x: 1, y: 1, z: 1}
  m_Children: []
  m_Father: {fileID: 0}
  m_RootOrder: 0
  m_LocalEulerAnglesHint: {x: 0, y: 0, z: 0}
--- !u!114 &637902721760410063
MonoBehaviour:
  m_ObjectHideFlags: 0
  m_CorrespondingSourceObject: {fileID: 0}
  m_PrefabInstance: {fileID: 0}
  m_PrefabAsset: {fileID: 0}
  m_GameObject: {fileID: 5593912637153028177}
  m_Enabled: 1
  m_EditorHideFlags: 0
  m_Script: {fileID: 11500000, guid: 8233d90336aea43098adf6dbabd606a2, type: 3}
  m_Name: 
  m_EditorClassIdentifier: 
  m_MeshFormatVersion: 1
  m_Faces:
  - m_Indexes: 000000000100000002000000010000000300000002000000
    m_SmoothingGroup: 0
    m_Uv:
      m_UseWorldSpace: 0
      m_FlipU: 0
      m_FlipV: 0
      m_SwapUV: 0
      m_Fill: 1
      m_Scale: {x: 1, y: 1}
      m_Offset: {x: 0, y: 0}
      m_Rotation: 0
      m_Anchor: 9
    m_Material: {fileID: 0}
    m_SubmeshIndex: 0
    m_ManualUV: 0
    elementGroup: -1
    m_TextureGroup: -1
  - m_Indexes: 040000000500000006000000050000000700000006000000
    m_SmoothingGroup: 0
    m_Uv:
      m_UseWorldSpace: 0
      m_FlipU: 0
      m_FlipV: 0
      m_SwapUV: 0
      m_Fill: 1
      m_Scale: {x: 1, y: 1}
      m_Offset: {x: 0, y: 0}
      m_Rotation: 0
      m_Anchor: 9
    m_Material: {fileID: 0}
    m_SubmeshIndex: 0
    m_ManualUV: 0
    elementGroup: -1
    m_TextureGroup: -1
  - m_Indexes: 08000000090000000a000000090000000b0000000a000000
    m_SmoothingGroup: 0
    m_Uv:
      m_UseWorldSpace: 0
      m_FlipU: 0
      m_FlipV: 0
      m_SwapUV: 0
      m_Fill: 1
      m_Scale: {x: 1, y: 1}
      m_Offset: {x: 0, y: 0}
      m_Rotation: 0
      m_Anchor: 9
    m_Material: {fileID: 0}
    m_SubmeshIndex: 0
    m_ManualUV: 0
    elementGroup: -1
    m_TextureGroup: -1
  - m_Indexes: 0c0000000d0000000e0000000d0000000f0000000e000000
    m_SmoothingGroup: 0
    m_Uv:
      m_UseWorldSpace: 0
      m_FlipU: 0
      m_FlipV: 0
      m_SwapUV: 0
      m_Fill: 1
      m_Scale: {x: 1, y: 1}
      m_Offset: {x: 0, y: 0}
      m_Rotation: 0
      m_Anchor: 9
    m_Material: {fileID: 0}
    m_SubmeshIndex: 0
    m_ManualUV: 0
    elementGroup: -1
    m_TextureGroup: -1
  - m_Indexes: 100000001100000012000000110000001300000012000000
    m_SmoothingGroup: 0
    m_Uv:
      m_UseWorldSpace: 0
      m_FlipU: 0
      m_FlipV: 0
      m_SwapUV: 0
      m_Fill: 1
      m_Scale: {x: 1, y: 1}
      m_Offset: {x: 0, y: 0}
      m_Rotation: 0
      m_Anchor: 9
    m_Material: {fileID: 0}
    m_SubmeshIndex: 0
    m_ManualUV: 0
    elementGroup: -1
    m_TextureGroup: -1
  - m_Indexes: 140000001500000016000000150000001700000016000000
    m_SmoothingGroup: 0
    m_Uv:
      m_UseWorldSpace: 0
      m_FlipU: 0
      m_FlipV: 0
      m_SwapUV: 0
      m_Fill: 1
      m_Scale: {x: 1, y: 1}
      m_Offset: {x: 0, y: 0}
      m_Rotation: 0
      m_Anchor: 9
    m_Material: {fileID: 0}
    m_SubmeshIndex: 0
    m_ManualUV: 0
    elementGroup: -1
    m_TextureGroup: -1
  m_SharedVertices:
  - m_Vertices: 000000000d00000016000000
  - m_Vertices: 010000000400000017000000
  - m_Vertices: 020000000f00000010000000
  - m_Vertices: 030000000600000011000000
  - m_Vertices: 050000000800000015000000
  - m_Vertices: 070000000a00000013000000
  - m_Vertices: 090000000c00000014000000
  - m_Vertices: 0b0000000e00000012000000
  m_SharedTextures: []
  m_Positions:
  - {x: -0.81096876, y: 0.41633654, z: 0}
  - {x: 0.003414154, y: 0.38086224, z: 0}
  - {x: 0, y: 0.48540783, z: 0.16490936}
  - {x: 0.003414154, y: 0.4482627, z: 0}
  - {x: 0.003414154, y: 0.38086224, z: 0}
  - {x: 0.003414154, y: 0.39296246, z: -0.025936127}
  - {x: 0.003414154, y: 0.4482627, z: 0}
  - {x: 0.0066473484, y: 0.47696495, z: -0.0371933}
  - {x: 0.003414154, y: 0.39296246, z: -0.025936127}
  - {x: 0, y: 0.3835659, z: -0.013532639}
  - {x: 0.0066473484, y: 0.47696495, z: -0.0371933}
  - {x: 0, y: 0.5121708, z: -0.051823616}
  - {x: 0, y: 0.3835659, z: -0.013532639}
  - {x: -0.81096876, y: 0.41633654, z: 0}
  - {x: 0, y: 0.5121708, z: -0.051823616}
  - {x: 0, y: 0.48540783, z: 0.16490936}
  - {x: 0, y: 0.48540783, z: 0.16490936}
  - {x: 0.003414154, y: 0.4482627, z: 0}
  - {x: 0, y: 0.5121708, z: -0.051823616}
  - {x: 0.0066473484, y: 0.47696495, z: -0.0371933}
  - {x: 0, y: 0.3835659, z: -0.013532639}
  - {x: 0.003414154, y: 0.39296246, z: -0.025936127}
  - {x: -0.81096876, y: 0.41633654, z: 0}
  - {x: 0.003414154, y: 0.38086224, z: 0}
  m_Textures0:
  - {x: 0.82831883, y: 0.20346616}
  - {x: 0.013163619, y: 0.20346616}
  - {x: 0.021124203, y: 0.3985896}
  - {x: 0.016096784, y: 0.23945911}
  - {x: 0, y: 0.38086224}
  - {x: -0.025936127, y: 0.39296246}
  - {x: 0, y: 0.4482627}
  - {x: -0.0371933, y: 0.47696495}
  - {x: 0.02591667, y: 0.39295575}
  - {x: 0.013051884, y: 0.3835592}
  - {x: 0.037628055, y: 0.47695836}
  - {x: 0.04998255, y: 0.5121465}
  - {x: 0.00038847694, y: 0.37148824}
  - {x: -0.81063455, y: 0.40567943}
  - {x: 0.0014876833, y: 0.505668}
  - {x: -0.004733998, y: 0.4182187}
  - {x: 0.16490494, y: 0.4844831}
  - {x: -0.00002502822, y: 0.44727254}
  - {x: -0.051822223, y: 0.5112932}
  - {x: -0.037241027, y: 0.47574893}
  - {x: -0.020413432, y: -0.24461454}
  - {x: -0.017504202, y: -0.2602777}
  - {x: -0.83197695, y: -0.22752549}
  - {x: -0.016860226, y: -0.23236045}
  m_Textures2: []
  m_Textures3: []
  m_Tangents:
  - {x: -0.99905264, y: 0.043518465, z: 0, w: -1}
  - {x: 0.7236615, y: 0.5911671, z: -0.35613975, w: 1}
  - {x: 0.7236615, y: 0.5911671, z: -0.35613975, w: 1}
  - {x: 0.011062677, y: 0.8451935, z: -0.53434587, w: 1}
  - {x: 0, y: 0, z: 1, w: -1}
  - {x: -0.031858258, y: -0.0000005903205, z: 0.9994924, w: -1}
  - {x: -0.031858258, y: -0.0000005903205, z: 0.9994924, w: -1}
  - {x: -0.06369835, y: 0, z: 0.9979692, w: -1}
  - {x: 0.2641761, y: 0.0000011541034, z: -0.9644745, w: -1}
  - {x: -0.85368884, y: 0.45546573, z: 0.25251997, w: 1}
  - {x: -0.85368884, y: 0.45546573, z: 0.25251997, w: 1}
  - {x: -0.84814966, y: 0.0016475267, z: -0.52975404, w: 1}
  - {x: 0.9995879, y: -0.000000007888801, z: -0.028706666, w: -1}
  - {x: 0.98724973, y: 0.15636611, z: -0.02979337, w: 1}
  - {x: 0.98724973, y: 0.15636611, z: -0.02979337, w: 1}
  - {x: 0.9690601, y: 0.07795053, z: 0.23419239, w: 1}
  - {x: -0.007330721, y: -0.000000043561585, z: 0.9999731, w: -1}
  - {x: -0.16267799, y: -0.008412346, z: 0.9866434, w: -1}
  - {x: -0.16267799, y: -0.008412346, z: 0.9866434, w: -1}
  - {x: -0.31845036, y: -0.018491684, z: 0.9477591, w: -1}
  - {x: 0.99858284, y: -0.053220157, z: 0.000000013081276, w: -1}
  - {x: 0.99908453, y: -0.028628157, z: -0.031789675, w: 1}
  - {x: 0.99908453, y: -0.028628157, z: -0.031789675, w: 1}
  - {x: 0.99892247, y: -0.046083294, z: 0.005509713, w: 1}
  m_Colors: []
  m_UnwrapParameters:
    m_HardAngle: 88
    m_PackMargin: 20
    m_AngleError: 8
    m_AreaError: 15
  m_PreserveMeshAssetOnDestroy: 0
  assetGuid: 
  m_Mesh: {fileID: 0}
  m_IsSelectable: 1
  m_SelectedFaces: 
  m_SelectedEdges: []
  m_SelectedVertices: 
--- !u!23 &3129004878240993348
MeshRenderer:
  m_ObjectHideFlags: 0
  m_CorrespondingSourceObject: {fileID: 0}
  m_PrefabInstance: {fileID: 0}
  m_PrefabAsset: {fileID: 0}
  m_GameObject: {fileID: 5593912637153028177}
  m_Enabled: 1
  m_CastShadows: 1
  m_ReceiveShadows: 1
  m_DynamicOccludee: 1
  m_MotionVectors: 1
  m_LightProbeUsage: 1
  m_ReflectionProbeUsage: 1
  m_RayTracingMode: 2
  m_RenderingLayerMask: 1
  m_RendererPriority: 0
  m_Materials:
  - {fileID: 2100000, guid: 31321ba15b8f8eb4c954353edc038b1d, type: 2}
  m_StaticBatchInfo:
    firstSubMesh: 0
    subMeshCount: 0
  m_StaticBatchRoot: {fileID: 0}
  m_ProbeAnchor: {fileID: 0}
  m_LightProbeVolumeOverride: {fileID: 0}
  m_ScaleInLightmap: 1
  m_ReceiveGI: 1
  m_PreserveUVs: 0
  m_IgnoreNormalsForChartDetection: 0
  m_ImportantGI: 0
  m_StitchLightmapSeams: 1
  m_SelectedEditorRenderState: 2
  m_MinimumChartSize: 4
  m_AutoUVMaxDistance: 0.5
  m_AutoUVMaxAngle: 89
  m_LightmapParameters: {fileID: 0}
  m_SortingLayerID: 0
  m_SortingLayer: 0
  m_SortingOrder: 0
--- !u!33 &1607006063390228039
MeshFilter:
  m_ObjectHideFlags: 0
  m_CorrespondingSourceObject: {fileID: 0}
  m_PrefabInstance: {fileID: 0}
  m_PrefabAsset: {fileID: 0}
  m_GameObject: {fileID: 5593912637153028177}
  m_Mesh: {fileID: 0}
--- !u!64 &5821912667751180820
MeshCollider:
  m_ObjectHideFlags: 0
  m_CorrespondingSourceObject: {fileID: 0}
  m_PrefabInstance: {fileID: 0}
  m_PrefabAsset: {fileID: 0}
  m_GameObject: {fileID: 5593912637153028177}
  m_Material: {fileID: 0}
  m_IsTrigger: 0
  m_Enabled: 1
  serializedVersion: 4
  m_Convex: 0
  m_CookingOptions: 30
  m_Mesh: {fileID: 0}
